@article{parikh-2000,
    author       = {given-i=MK, given={Maulik K.}, family=Parikh and given-i=F, given=Frank, family=Wilczek},
    date         = {2000-12-11},
    doi          = {10.1103/physrevlett.85.5042},
    journaltitle = {Physical Review Letters},
    number       = {24},
    pages        = {5042--5045},
    title        = {Hawking radiation as tunneling},
    url          = {https://doi.org/10.1103/physrevlett.85.5042},
    volume       = {85}
}
@article{bojowald-2006A,
    author       = {given-i=M, given=Martin, family=Bojowald and given-i=A, given=Aureliano, family=Skirzewski},
    date         = {2006-08-01},
    doi          = {10.1142/s0129055x06002772},
    journaltitle = {Reviews in Mathematical Physics},
    number       = {07},
    pages        = {713--745},
    title        = {EFFECTIVE EQUATIONS OF MOTION FOR QUANTUM SYSTEMS},
    url          = {https://doi.org/10.1142/s0129055x06002772},
    volume       = {18}
}
@article{bojowald-2006B,
    author       = {given-i=M, given=Martin, family=Bojowald and given-i=A, given=Aureliano, family=Skirzewski},
    date         = {2006-08-01},
    doi          = {10.1142/s0129055x06002772},
    journaltitle = {Reviews in Mathematical Physics},
    number       = {07},
    pages        = {713--745},
    title        = {EFFECTIVE EQUATIONS OF MOTION FOR QUANTUM SYSTEMS},
    url          = {https://doi.org/10.1142/s0129055x06002772},
    volume       = {18}
}
@article{rodrigues-2018,
    author       = {given-i=ME, given={Manuel E.}, family=Rodrigues and given-i=MV, given={Marcos V.}, family={De S Silva}},
    date         = {2018-06-14},
    doi          = {10.1088/1475-7516/2018/06/025},
    journaltitle = {Journal of Cosmology and Astroparticle Physics},
    number       = {06},
    pages        = {025},
    title        = {Bardeen regular black hole with an electric source},
    url          = {https://doi.org/10.1088/1475-7516/2018/06/025},
    volume       = {2018}
}
@article{chiba-2017,
    author       = {given-i=T, given=Takeshi, family=Chiba and given-i=M, given=Masashi, family=Kimura},
    date         = {2017-03-03},
    doi          = {10.1093/ptep/ptx037},
    journaltitle = {Progress of Theoretical and Experimental Physics},
    number       = {4},
    title        = {A note on geodesics in the Hayward metric},
    url          = {https://doi.org/10.1093/ptep/ptx037},
    volume       = {2017}
}
@article{lan-2023,
    author       = {given-i=C, given=Chen, family=Lan and given-i=H, given=Hao, family=Yang and given-i=Y, given=Yang, family=Guo and given-i=Y, given=Yan-Gang, family=Miao},
    date         = {2023-09-05},
    doi          = {10.1007/s10773-023-05454-1},
    journaltitle = {International Journal of Theoretical Physics},
    number       = {9},
    title        = {Regular Black Holes: A short topic review},
    url          = {https://doi.org/10.1007/s10773-023-05454-1},
    volume       = {62}
}