
@misc{schwarzschild1999gravitationalfieldmasspoint,
    title         = {On the gravitational field of a mass point according to Einstein's theory},
    author        = {K. Schwarzschild},
    year          = {1999},
    eprint        = {physics/9905030},
    archiveprefix = {arXiv},
    primaryclass  = {physics.hist-ph},
    url           = {https://arxiv.org/abs/physics/9905030},
    keywords      = {BlackHoles},
    anotation     = {this is a translation. Original paper: Sitzungsberichte der Königlich Preußischen Akademie der Wissenschaften (Berlin), 1916, 189-196. English translation: arXiv:physics/9905030.}
}
@misc{eigenchris-2021,
    author   = {eigenchris},
    month    = {10},
    title    = {{Relativity 108a: Schwarzschild Metric - Derivation}},
    year     = {2021},
    url      = {https://www.youtube.com/watch?v=3NFqXgH-4tg},
    keywords = {BlackHoles}
}
@article{drake-2000,
    author       = {given-i=SP, given={S. P.}, family=Drake and given-i=P, given=Peter, family=Szekeres},
    date         = {2000-03-01},
    doi          = {10.1023/a:1001920232180},
    journaltitle = {General Relativity and Gravitation},
    number       = {3},
    pages        = {445--457},
    title        = {Uniqueness of the Newman–Janis Algorithm in Generating the Kerr–Newman Metric},
    url          = {https://doi.org/10.1023/a:1001920232180},
    volume       = {32},
    keywords     = {BlackHoles}
}
@article{kerr-1963,
    author       = {given-i=RP, given={Roy P.}, family=Kerr},
    date         = {1963-09-01},
    doi          = {10.1103/physrevlett.11.237},
    journaltitle = {Physical Review Letters},
    number       = {5},
    pages        = {237--238},
    title        = {Gravitational Field of a Spinning Mass as an Example of Algebraically Special Metrics},
    url          = {https://doi.org/10.1103/physrevlett.11.237},
    volume       = {11},
    keywords     = {BlackHoles}
}
@article{newman-1965,
    author  = {Newman, E. T. and Janis, A. I.},
    journal = {Journal of Mathematical Physics},
    month   = {6},
    number  = {6},
    pages   = {915--917},
    title   = {{Note on the Kerr Spinning-Particle Metric}},
    volume  = {6},
    year    = {1965},
    doi     = {10.1063/1.1704350},
    url     = {https://doi.org/10.1063/1.1704350}
}
